@article{comaniciu2002mean,
  title={Mean shift: A robust approach toward feature space analysis},
  author={Comaniciu, Dorin and Meer, Peter},
  journal={IEEE Transactions on Pattern Analysis \& Machine Intelligence},
  number={5},
  pages={603--619},
  year={2002},
  publisher={IEEE}
}

@article{Galler:1964:IEA:364099.364331,
 author = {Galler, Bernard A. and Fisher, Michael J.},
 title = {An Improved Equivalence Algorithm},
 journal = {Commun. ACM},
 issue_date = {May 1964},
 volume = {7},
 number = {5},
 month = may,
 year = {1964},
 issn = {0001-0782},
 pages = {301--303},
 numpages = {3},
 url = {http://doi.acm.org/10.1145/364099.364331},
 doi = {10.1145/364099.364331},
 acmid = {364331},
 publisher = {ACM},
 address = {New York, NY, USA},
} 

@article{DBLP:journals/corr/abs-1708-08180,
  author    = {Jun Chen and
               Qiang Yao and
               Houari Sabirin and
               Keisuke Nonaka and
               Hiroshi Sankoh and
               Sei Naito},
  title     = {An Optimized Union-Find Algorithm for Connected Components Labeling
               Using GPUs},
  journal   = {CoRR},
  volume    = {abs/1708.08180},
  year      = {2017},
  url       = {http://arxiv.org/abs/1708.08180},
  archivePrefix = {arXiv},
  eprint    = {1708.08180},
  timestamp = {Mon, 27 May 2019 15:55:48 +0200},
  biburl    = {https://dblp.org/rec/bib/journals/corr/abs-1708-08180},
  bibsource = {dblp computer science bibliography, https://dblp.org}
}

@Misc{cuda-toolkit-doc,
  title        = {{CUDA Toolkit Documentation}},
  howpublished = {\url{https://docs.nvidia.com/cuda/cuda-c-programming-guide/}},
  year         = {2019},
  note         = {[Online]},
}

@InProceedings{Oliveira2010,
  author  = {Oliveira, Victor and Lotufo, Roberto},
  title   = {A Study on Connected Components Labeling algorithms using GPUs},
  year    = {2010},
  volume  = {2010},
  month   = {10},
  journal = {SIB-GRAPI},
}

@InProceedings{Yonehara2015,
  author    = {K. {Yonehara} and K. {Aizawa}},
  title     = {A Line-Based Connected Component Labeling Algorithm Using GPUs},
  booktitle = {2015 Third International Symposium on Computing and Networking (CANDAR)},
  year      = {2015},
  pages     = {341-345},
  month     = {Dec},
  doi       = {10.1109/CANDAR.2015.78},
  issn      = {2379-1896},
  keywords  = {graphics processing units;image processing;parallel algorithms;parallel architectures;CUDA;GPGPU;Union-find technique;binary image;GPU architecture;CCL;parallel algorithm;image analysis;line-based connected component labeling algorithm;Graphics processing units;Kernel;Instruction sets;Labeling;Algorithm design and analysis;Sections;Parallel algorithms;Image Processing;connected component labeling;Connected Component Analysis;GPGPU;CUDA},
}
